@book{ID,
	author = {Author},
	title = {book title},
	date = {2000},
	publisher = {Publisher},
	location = {Place of publication}
}


@Book{Fowler83,
	author = { Fowler, H. W. and Gowers, Ernest, },
	title = { A dictionary of modern English usage / by H.W. Fowler },
	edition = { 2nd ed., repr. with corrections / revised by Sir Ernest Gowers. },
	isbn = { 0198691157 0192813897 },
	publisher = { Oxford University Press Oxford },
	pages = { x, 725 pages ; },
	year = { 1983 },
	type = { Book },
	language = { English },
	subjects = { English language -- Usage -- Dictionaries. },
	life-dates = { 1983 - 1965 },
	catalogue-url = { https://nla.gov.au/nla.cat-vn728061 },
}

@book{Daniels2004,
	author = {Daniels, T.D and Spiker, B.K.},
	title = {Perspectives on Organizational Communication.},
	date = {1987},
	publisher = {Brown Publishers},
	location = {Dubuque, Iowa}
}

@book{Silver2004,
	author = {D. Silverman, C. U. Exampleman and G. Yippieman},
	title = {Qualitative Research: Example for the MBA Template.},
	date = {2004},
	publisher = {SANGER Publications},
	location = {London}
}

%bookchapter



%bookchapter


%Journals


%Dissertations


%Articles from the Internet



%Personal communication


%Newspaper articles


%Conference papers